<record><leader>00000cas a22000007a 4500</leader><controlfield tag="001">13281675</controlfield><controlfield tag="008">860311d18741971nyuwr ne      0    0eng d</controlfield><datafield ind1=" " ind2=" " tag="010"><subfield code="a">sn 86053181 </subfield></datafield><datafield ind1=" " ind2=" " tag="040"><subfield code="a">NPX</subfield><subfield code="b">eng</subfield><subfield code="c">NPX</subfield><subfield code="d">NYS</subfield><subfield code="d">OCLCQ</subfield></datafield><datafield ind1=" " ind2=" " tag="042"><subfield code="a">msc</subfield></datafield><datafield ind1="0" ind2=" " tag="130"><subfield code="a">Lake shore news (Wolcott, N.Y.)</subfield></datafield><datafield ind1="1" ind2="4" tag="245"><subfield code="a">The lake shore news.</subfield></datafield><datafield ind1=" " ind2=" " tag="260"><subfield code="a">Wolcott, N.Y. :</subfield><subfield code="b">W.H. Thomas,</subfield><subfield code="c">1874-</subfield></datafield><datafield ind1=" " ind2=" " tag="300"><subfield code="a">v.</subfield></datafield><datafield ind1=" " ind2=" " tag="310"><subfield code="a">Weekly</subfield></datafield><datafield ind1="0" ind2=" " tag="362"><subfield code="a">Vol. 1, no. 1 (Oct. 8, 1874)-</subfield></datafield><datafield ind1="1" ind2=" " tag="362"><subfield code="a">Ceased in 1971.</subfield></datafield><datafield ind1=" " ind2=" " tag="500"><subfield code="a">Editor: William H. Thomas, &lt;1876&gt;.</subfield></datafield><datafield ind1=" " ind2=" " tag="580"><subfield code="a">Merged with: Lyons Republican and the Clyde times and Wayne Co. herald-eagle to form, Eastern Wayne star.</subfield></datafield><datafield ind1=" " ind2="4" tag="651"><subfield code="a">Wolcott (N.Y.)</subfield><subfield code="v">Newspapers.</subfield></datafield><datafield ind1=" " ind2=" " tag="752"><subfield code="a">United States</subfield><subfield code="b">New York</subfield><subfield code="c">Wayne</subfield><subfield code="d">Wolcott.</subfield></datafield><datafield ind1="1" ind2="7" tag="785"><subfield code="t">Lyons Republican and the Clyde times</subfield><subfield code="w">(DLC)sn 86033365</subfield></datafield><datafield ind1="1" ind2="7" tag="785"><subfield code="t">Wayne Co. herald-eagle</subfield><subfield code="w">(DLC)sn 88074709</subfield><subfield code="w">(OCoLC)10944560</subfield></datafield><datafield ind1="1" ind2="7" tag="785"><subfield code="t">Eastern Wayne star</subfield><subfield code="w">(DLC)sn 88074708</subfield><subfield code="w">(OCoLC)18385116</subfield></datafield><datafield ind1="1" ind2=" " tag="029"><subfield code="a">AU@</subfield><subfield code="b">000025787279</subfield></datafield></record>